@manual{pic,
    author = "{Microchip}",
    title = "{PIC12(L)F1612/16(L)F1613}",
    year = "2014",
    url = "http://ww1.microchip.com/downloads/en/DeviceDoc/40001737B.pdf",
    note = "retrieved: 2016-10-31",
}

@manual{mma-acc,
    author = "{NXP}",
    title = "{MMA7260QT - Â±1.5g - 6g Three Axis Low-g Micromachined Accelerometer}",
    year = "2008",
    url = "https://www.nxp.com/files/sensors/doc/data_sheet/MMA7260QT.pdf",
    note = "retrieved: 2016-10-31",
}

@manual{rfid-iso,
    author = "{ISO/IEC}",
    title = "{ISO/IEC FCD 15693-2}",
    year = "1999",
}

@techreport{ti-antenna,
    author = "{Texas Instruments}",
    title = "{HF Antenna Design Notes}",
    year = "2003",
}

@book{rf-in-rfid,
    author = "Daniel Dobkin",
    title = "The RF in RFID",
    year = "2008",
    publisher = "Elsevier",
    number = "ISBN:978-0-7506-8209-1",
}
